<?xml version='1.0' encoding='utf-8'?>
<record xmlns="http://www.loc.gov/MARC21/slim" xmlns:xsi="http://www.w3.org/2001/XMLSchema-instance">
  <leader>00000npcaa2200469^a^4500</leader>
  <controlfield tag="001">014515233</controlfield>
  <controlfield tag="005">20160505092324.0</controlfield>
  <controlfield tag="008">160504i19401986miu^^^^^^^^^^^^^^^^^eng^d</controlfield>
  <datafield tag="035" ind1=" " ind2=" ">
    <subfield code="a">(OCoLC)948692276</subfield>
  </datafield>
  <datafield tag="035" ind1=" " ind2=" ">
    <subfield code="a">(OCoLC)ocn948692276</subfield>
  </datafield>
  <datafield tag="040" ind1=" " ind2=" ">
    <subfield code="a">BEU</subfield>
    <subfield code="b">eng</subfield>
    <subfield code="c">BEU</subfield>
    <subfield code="e">dacs</subfield>
  </datafield>
  <datafield tag="049" ind1=" " ind2=" ">
    <subfield code="a">BEUA</subfield>
  </datafield>
  <datafield tag="100" ind1="1" ind2=" ">
    <subfield code="a">University of Michigan.</subfield>
    <subfield code="b">School of Public Health.</subfield>
  </datafield>
  <datafield tag="245" ind1="0" ind2="0">
    <subfield code="a">Tecumseh Community Health Study records,</subfield>
    <subfield code="f">1940-1986,</subfield>
    <subfield code="g">bulk 1960-1977.</subfield>
  </datafield>
  <datafield tag="300" ind1=" " ind2=" ">
    <subfield code="a">28.3 linear feet (in 29 boxes).</subfield>
  </datafield>
  <datafield tag="351" ind1=" " ind2=" ">
    <subfield code="3">Records</subfield>
    <subfield code="a">Arranged in three subgroups: 1. Project Planning and Management 2. Initial Community Survey and Rounds 1-3 of Data Collection 3. Later Community Surveys and Follow-Up Studies.</subfield>
  </datafield>
  <datafield tag="546" ind1=" " ind2=" ">
    <subfield code="a">In English.</subfield>
  </datafield>
  <datafield tag="545" ind1="1" ind2=" ">
    <subfield code="a">The Tecumseh Community Health Study is an ongoing prospective epidemiological study of a natural community's health and disease status. It focuses on the community of Tecumseh, Michigan, and began through the University of Michigan's School of Public Health with a 1957 canvass of all households. The study includes all newcomers to the community until 1970, after which only previous residents were followed.</subfield>
  </datafield>
  <datafield tag="520" ind1="2" ind2=" ">
    <subfield code="a">The Tecumseh Community Health Study records consist of materials outlining the project planning and management of the study, the initial community survey, materials from rounds one through three of data collection, and later community surveys and follow-up studies.</subfield>
  </datafield>
  <datafield tag="506" ind1=" " ind2=" ">
    <subfield code="a">Restricted access in part.</subfield>
  </datafield>
  <datafield tag="555" ind1="0" ind2=" ">
    <subfield code="a">Finding aid in the library.</subfield>
  </datafield>
  <datafield tag="500" ind1=" " ind2=" ">
    <subfield code="a">Donor: 1756</subfield>
  </datafield>
  <datafield tag="584" ind1=" " ind2=" ">
    <subfield code="a">No further accruals are expected.</subfield>
  </datafield>
  <datafield tag="650" ind1=" " ind2="0">
    <subfield code="a">Dental public health</subfield>
    <subfield code="z">Michigan</subfield>
    <subfield code="z">Tecumseh.</subfield>
  </datafield>
  <datafield tag="650" ind1=" " ind2="0">
    <subfield code="a">Dental surveys</subfield>
    <subfield code="z">Michigan</subfield>
    <subfield code="z">Tecumseh.</subfield>
  </datafield>
  <datafield tag="650" ind1=" " ind2="0">
    <subfield code="a">Diseases</subfield>
    <subfield code="z">Michigan</subfield>
    <subfield code="z">Tecumseh.</subfield>
  </datafield>
  <datafield tag="650" ind1=" " ind2="0">
    <subfield code="a">Environmental health</subfield>
    <subfield code="z">Michigan</subfield>
    <subfield code="z">Tecumseh.</subfield>
  </datafield>
  <datafield tag="650" ind1=" " ind2="0">
    <subfield code="a">Epidemiology</subfield>
    <subfield code="z">Michigan</subfield>
    <subfield code="z">Tecumseh.</subfield>
  </datafield>
  <datafield tag="600" ind1="1" ind2="0">
    <subfield code="a">Francis, Thomas,</subfield>
    <subfield code="c">Jr.,</subfield>
    <subfield code="d">1900-1969.</subfield>
  </datafield>
  <datafield tag="650" ind1=" " ind2="0">
    <subfield code="a">Health behavior</subfield>
    <subfield code="z">Michigan</subfield>
    <subfield code="z">Tecumseh.</subfield>
  </datafield>
  <datafield tag="650" ind1=" " ind2="0">
    <subfield code="a">Health risk assessment</subfield>
    <subfield code="z">Michigan</subfield>
    <subfield code="z">Tecumseh.</subfield>
  </datafield>
  <datafield tag="650" ind1=" " ind2="0">
    <subfield code="a">Health surveys</subfield>
    <subfield code="z">Michigan</subfield>
    <subfield code="z">Tecumseh.</subfield>
  </datafield>
  <datafield tag="650" ind1=" " ind2="0">
    <subfield code="a">Heart</subfield>
    <subfield code="x">Diseases</subfield>
    <subfield code="z">Michigan</subfield>
    <subfield code="z">Tecumseh.</subfield>
  </datafield>
  <datafield tag="650" ind1=" " ind2="0">
    <subfield code="a">Heart</subfield>
    <subfield code="x">Diseases</subfield>
    <subfield code="x">Environmental aspects</subfield>
    <subfield code="z">Michigan</subfield>
    <subfield code="z">Tecumseh.</subfield>
  </datafield>
  <datafield tag="650" ind1=" " ind2="0">
    <subfield code="a">Public health</subfield>
    <subfield code="z">Michigan</subfield>
    <subfield code="z">Tecumseh.</subfield>
  </datafield>
  <datafield tag="650" ind1=" " ind2="0">
    <subfield code="a">Public health case studies</subfield>
    <subfield code="z">Michigan</subfield>
    <subfield code="z">Tecumseh.</subfield>
  </datafield>
  <datafield tag="651" ind1=" " ind2="0">
    <subfield code="a">Tecumseh (Mich.)</subfield>
  </datafield>
  <datafield tag="610" ind1="2" ind2="0">
    <subfield code="a">University of Michigan.</subfield>
    <subfield code="b">School of Public Health.</subfield>
  </datafield>
  <datafield tag="655" ind1=" " ind2="7">
    <subfield code="a">Photographs.</subfield>
    <subfield code="2">aat</subfield>
  </datafield>
  <datafield tag="852" ind1="8" ind2=" ">
    <subfield code="a">MiU-H</subfield>
    <subfield code="b">BENT</subfield>
    <subfield code="h">2016038 Bimu 2</subfield>
  </datafield>
  <datafield tag="998" ind1=" " ind2=" ">
    <subfield code="c">OV</subfield>
  </datafield>
  <datafield tag="955" ind1=" " ind2=" ">
    <subfield code="b">BENT</subfield>
    <subfield code="p">B7375767</subfield>
  </datafield>
</record>
